@Article{Jensen_1906,
  author    = {Jensen, J. L. W. V.},
  title     = {Sur les fonctions convexes et les inégalités entre les valeurs moyennes},
  journal   = {Acta Math.},
  year      = {1906},
  language  = {french},
  volume    = {30},
  number    = {0},
  pages     = {175--193},
  doi       = {10.1007/BF02418571},
  url       = {https://doi.org/10.1007/BF02418571},
  fjournal  = {Acta Mathematica},
  publisher = {Institut Mittag-Leffler},
}