@book{mittelbach2004latex,
  title={The LaTeX companion},
  author={Mittelbach, F. and Goossens, M. and Braams, J. and Rowley, C.},
  isbn={9780201362992},
  lccn={2003070810},
  series={Addison-Wesley series on tools and techniques for computer typesetting},
  url={http://books.google.com/books?id=ngwZAQAAIAAJ},
  year={2004},
  publisher={Addison-Wesley}
}
