
@Article{boroditsky01,
  author =       {L. Boroditsky},
  title =        {Does language shape thought? Mandarin and English speakers' conceptions of time},
  journal =      {Cognit Psychol.},
  year =         2001,
  volume =       43,
  number =       1,
  pages =        {1-22},
  month =        aug
}

@Article{johansen-berg01,
  author =       {Heidi Johansen-Berg},
  title =        {Language shapes thought},
  journal =      {Trends in Cognitive Sciences},
  year =         2001,
  volume =       5,
  number =       10,
  month =        oct
}

@Article{iverson80,
  author =       {K. E. Iverson},
  title =        {Notation as a tool of thought},
  journal =      {Communications of the ACM},
  year =         1980,
  volume =       23,
  month =        aug
}

@article{151240,
 author = {Robin Milner},
 title = {Elements of interaction: Turing award lecture},
 journal = {Commun. ACM},
 volume = {36},
 number = {1},
 year = {1993},
 issn = {0001-0782},
 pages = {78--89},
 doi = {http://doi.acm.org/10.1145/151233.151240},
 publisher = {ACM},
 address = {New York, NY, USA},
 }


@Unpublished{feferman,
  author =       {S. Feferman},
  title =        {G\"odel, {N}agel, minds and machines},
  note =         {Ernest Nagel Lecture, Columbia University},
  month =        sep,
  year =         2007
}

@Article{perlis82,
  author =       {Alan J. Perlis},
  title =        {Epigrams on Programming},
  journal =      {SIGPLAN Notices},
  year =         1982,
  volume =       17,
  number =       9,
  pages =        {7-13},
  month =        sep
}

@Article{bub2006,
  author =       {Jeffrey Bub},
  title =        {Quantum Mechanics as a Principle Theory},
  journal =      {Studies in History and Philosophy of Modern Physics},
  year =         2000,
  volume =       {31B},
  number =       1,
  pages =        {75-94},
  month =        mar
}


@InCollection{ch,
  author =       {William A. Howard},
  title =        {The formulae-as-types notion of construction},
  booktitle =    {To H.B. Curry: Essays on Combinatory Logic, Lambda Calculus and Formalism},
  pages =        {479-490},
  publisher =    {Academic Press},
  year =         1980,
  editor =       {Jonathan P. Seldin and J. Roger Hindley},
  note =         {Original manuscript from 1969}
}


@InCollection{305688,
 author = {Richard P. Feynman},
 title = {Simulating physics with computers},
 booktitle = {Feynman and computation: exploring the limits of computers},
 year = 1999,
 isbn = {0-7382-0057-3},
 pages = {133--153},
 publisher = {Perseus Books},
 address = {Cambridge, MA, USA},
 }

@Article{bennett,
  author =       {Charles Bennett},
  title =        {Logical reversibility of computation},
  journal =      {IBM J. Res. Dev.},
  year =         1973,
  volume =       17,
  pages =        {525-532}
}


@InProceedings{toffoli,
  author =       {Tommaso Toffoli},
  title =        {Reversible Computing},
  booktitle =    {Automata, Languages and Programming},
  pages =        {632-644},
  year =         1980,
  publisher =    {Springer-Verlag}
}

@Article{KS,
  author = 	 {S. Kochen and E. P. Specker},
  title = 	 {The problem of hidden variables in quantum mechanics},
  journal = 	 {Journal of Mathematics and Mechanics},
  year = 	 1967,
  volume = 	 17,
  pages = 	 {59-87}}


@Article{Isham1998,
author="Isham, C. J. and Butterfield, J.",
title="Topos Perspective on the {K}ochen-{S}pecker Theorem: I. Quantum States as Generalized Valuations",
journal="International Journal of Theoretical Physics",
year="1998",
volume="37",
number="11",
pages="2669--2733",
issn="1572-9575",
doi="10.1023/A:1026680806775",
url="http://dx.doi.org/10.1023/A:1026680806775"
}

@article{MSC:1444836,
author = {Girard, Jean-Yves},
title = {Truth, modality and intersubjectivity},
journal = {Mathematical Structures in Computer Science},
volume = {17},
issue = {06},
month = {12},
year = {2007},
issn = {1469-8072},
pages = {1153--1167},
numpages = {15},
doi = {10.1017/S0960129507006342},
URL = {http://journals.cambridge.org/article_S0960129507006342},
}